<?xml version="1.0" encoding="UTF-8"?><collection xmlns="http://www.loc.gov/MARC21/slim"><record><leader>00513nam--2200193-i-4500</leader><controlfield tag="001">000030785</controlfield><controlfield tag="002">20161230</controlfield><controlfield tag="005">20161230201038</controlfield><controlfield tag="008">060222s1000------------r-----000-0-eng-d</controlfield><datafield ind1=" " ind2=" " tag="040"><subfield code="a">IFIN-HH</subfield></datafield><datafield ind1=" " ind2=" " tag="080"><subfield code="a">53</subfield></datafield><datafield ind1="1" ind2=" " tag="100"><subfield code="a">Weber, Robert L</subfield></datafield><datafield ind1="1" ind2="0" tag="245"><subfield code="a">College physics</subfield><subfield code="c">Robert l. weber, kenneth v. manning, marsh w. white</subfield></datafield><datafield ind1=" " ind2=" " tag="250"><subfield code="a">Fourth Edition</subfield></datafield><datafield ind1=" " ind2=" " tag="260"><subfield code="a">New York</subfield><subfield code="b">Mcgraw-hill Book Co</subfield><subfield code="c">1965</subfield></datafield><datafield ind1=" " ind2=" " tag="300"><subfield code="a">VI + 710P</subfield></datafield><datafield ind1="1" ind2=" " tag="700"><subfield code="a">White, Marsh W</subfield></datafield><datafield ind1=" " ind2=" " tag="852"><subfield code="a">27438</subfield><subfield code="c">53</subfield></datafield><datafield ind1=" " ind2=" " tag="CAT"><subfield code="a">Sys</subfield><subfield code="c">20150219</subfield><subfield code="h">095956</subfield></datafield></record></collection>